
@article{admisc,
	title = {admisc: Adrian Dusa's Miscellaneous},
	author = {Dusa, Adrian},
	year = {2024},
	date = {2024},
	url = {https://CRAN.R-project.org/package=admisc}
}

@article{addey2021,
	title = {Literacy Assembled as Global in ILSAs},
	author = {Addey, Camilla},
	year = {2021},
	month = {03},
	date = {2021-03-12},
	journal = {Zeitschrift für Pädagogik 67. Beiheft 2021},
	doi = {10.3262/ZPB2101153},
	url = {https://www.beltz.de/fachmedien/erziehungswissenschaft/zeitschriften/zeitschrift_fuer_paedagogik/artikel/46094-literacy-assembled-as-global-in-ilsas.html},
	note = {Publisher: Beltz Juventa},
	langid = {ngerman}
}

@article{adelman2018,
	title = {Predicting school dropout with administrative data: new evidence from Guatemala and Honduras},
	author = {Adelman, Melissa and Haimovich, Francisco and Ham, Andres and Vazquez, Emmanuel},
	year = {2018},
	month = {07},
	date = {2018-07-04},
	journal = {Education Economics},
	pages = {356--372},
	volume = {26},
	number = {4},
	doi = {10.1080/09645292.2018.1433127},
	url = {https://doi.org/10.1080/09645292.2018.1433127},
	note = {Publisher: Routledge
{\_}eprint: https://doi.org/10.1080/09645292.2018.1433127}
}

@book{lessnoff2001,
	title = {La filosofía política del siglo XX},
	author = {Lessnoff, Michael H.},
	year = {2001},
	date = {2001},
	publisher = {Akal},
	url = {https://dialnet.unirioja.es/servlet/libro?codigo=165700},
	langid = {spa}
}

@article{vallance1973,
	title = {Knowledge and Human Interests.},
	author = {Vallance, Elizabeth and Habermas, Jurgen and Shapiro, J. J.},
	year = {1973},
	month = {04},
	date = {1973-04},
	journal = {The Philosophical Quarterly},
	pages = {170},
	volume = {23},
	number = {91},
	doi = {10.2307/2217493},
	url = {http://dx.doi.org/10.2307/2217493}
}

@article{aninter1977,
	title = {An Interview with Andre Glucksmann},
	year = {1977},
	month = {10},
	date = {1977-10-01},
	journal = {Telos},
	pages = {94--102},
	volume = {1977},
	number = {33},
	doi = {10.3817/0977033094},
	url = {http://dx.doi.org/10.3817/0977033094},
	langid = {en}
}


@book{garcia2011,
	title = {Pensamiento politico contemporaneo corrientes fundamentales},
	author = {Garcia, Dora Elvira and Kohn, Carlos and Astorga, O.},
	year = {2011},
	date = {2011},
	publisher = {Porrua},
	note = {OCLC: 814307913},
	address = {Mexico},
	langid = {es}
}

@article{antonio,
	title = {Antonio Gramsci en los estudios culturales de Raymond Williams},
	journal = {methaodos revista de ciencias sociales},
	volume = {2},
	number = {1},
	langid = {es}
}

@article{lears1985,
	title = {The Concept of Cultural Hegemony: Problems and Possibilities},
	author = {Lears, T. J. Jackson},
	year = {1985},
	month = {06},
	date = {1985-06},
	journal = {The American Historical Review},
	pages = {567},
	volume = {90},
	number = {3},
	doi = {10.2307/1860957},
	url = {http://dx.doi.org/10.2307/1860957}
}

@inproceedings{cortés-ramírez2015,
	title = {Cultural hegemony today. From cultural studies to critical pedagogy},
	author = {{Cortés-Ramírez}, E.},
	year = {2015},
	date = {2015},
	url = {https://www.semanticscholar.org/paper/Cultural-hegemony-today.-From-cultural-studies-to-Cort%C3%A9s-Ram%C3%ADrez/ac0ae646568e545ffc79d5220ed1382f92b1e283}
}

@book{baudrillard2007,
	title = {Forget Foucault},
	author = {Baudrillard, Jean and Lotringer, {Sylvère}},
	year = {2007},
	date = {2007},
	publisher = {Semiotext(e) ; Distributed by MIT Press},
	series = {Semiotext(e) foreign agents series},
	address = {Los Angeles, CA : Cambridge, Mass},
	langid = {eng}
}




@article{deacon1998,
	title = {Strategies of Governance: Michel Foucault on Power},
	author = {Deacon, Roger},
	year = {1998},
	month = {01},
	date = {1998-01-01},
	journal = {Theoria},
	pages = {113 --149},
	volume = {45},
	number = {92},
	doi = {10.3167/004058198782485966},
	url = {http://berghahnjournals.com/view/journals/theoria/45/92/th459208.xml},
	langid = {en}
}

@book{gramsci2012,
	title = {Selections from the prison notebooks of Antonio Gramsci},
	author = {Gramsci, Antonio and Gramsci, Antonio},
	year = {2012},
	date = {2012},
	publisher = {Lawrence & Wishart},
	edition = {Repr.},
	address = {London},
	langid = {eng}
}

@inproceedings{bovero1998,
	title = {Los verbos de la democracia},
	author = {Bovero, Michelangelo},
	year = {1998},
	month = {08},
	date = {1998-08-01},
	publisher = {Este País},
	pages = {3--10},
	volume = {85},
	url = {https://biblat.unam.mx/fr/revista/este-pais-mexico-d-f/articulo/los-verbos-de-la-democracia},
	address = {Estado de México, México},
	langid = {es}
}

@techreport{myerson1984,
	title = {An Introduction to Game Theory},
	author = {Myerson, Roger B.},
	year = {1984},
	date = {1984},
	url = {https://www.econstor.eu/handle/10419/220982},
	langid = {eng}
}

@book{osborne2004,
	title = {An introduction to game theory},
	author = {Osborne, Martin J.},
	year = {2004},
	date = {2004},
	publisher = {Oxford University Press},
	address = {New York}
}

@article{pérezsobrado2017,
	title = {Uscanga Barradas, Abril, Nuevas teorías en la Filosofía Política: Republicanismo, liberalismo y comunitarismo, México, Tirant Lo Blanch-UNAM Posgrado, 2016, 126 pp.},
	author = {{Pérez Sobrado}, Juan Antonio},
	year = {2017},
	month = {07},
	date = {2017-07-01},
	journal = {Revista de la Facultad de Derecho de México},
	pages = {891},
	volume = {67},
	number = {268},
	doi = {10.22201/fder.24488933e.2017.268.61072},
	url = {http://www.revistas.unam.mx/index.php/rfdm/article/view/61072}
}

@misc{uscangabarradas2016,
	title = {Nuevas teorías en la Filosofía Política: Republicanismo, liberalismo y comunitarismo},
	author = {Uscanga Barradas, Abril},
	year = {2016},
	month = {01},
	publisher = {Editorial Tirant Lo Blanch México},
	date = {2016-01-01},
	url = {https://editorial.tirant.com/mex/libro/nuevas-teorias-en-la-filosofia-politica-republicanismo-liberalismo-y-comunitarismo-abril-uscanga-barradas-9788491198680},
	langid = {es}
}


@article{universidaddeguadalajaraméxico2021b,
	title = {¿Qué es la libertad?: un análisis de la modernidad al comunitarismo.},
	author = {García Solano, Ignacio},
	year = {2021},
	month = {01},
	date = {2021-01-03},
	journal = {Sincronía},
	pages = {150--175},
	volume = {XXV},
	number = {79},
	doi = {10.32870/sincronia.axxv.n79.8a21},
	url = {http://sincronia.cucsh.udg.mx/pdf/79/150_175_2021a.pdf}
}

@inbook{rorty2020,
	title = {Contingency, Irony, and Solidarity},
	author = {Rorty, R.},
	year = {2020},
	date = {2020},
	publisher = {Routledge},
	note = {Num Pages: 16}
}

@article{stritzky2008,
	title = {El pensamiento político de Richard Rorty y sus consecuencias prácticas para la democracia},
	author = {Stritzky, J. Von},
	year = {2008},
	date = {2008},
	journal = {Revista Jurídica Universidad Autónoma de Madrid},
	number = {18},
	url = {https://revistas.uam.es/revistajuridica/article/view/6069},
	note = {Number: 18},
	langid = {es}
}

@article{belloreguera2018,
	title = {Richard Rorty: la filosofía como política cultural, deconstrucción del autoritarismo y ética contingente},
	author = {Bello Reguera, Gabriel},
	year = {2018},
	date = {2018},
	journal = {Astrolabio: revista internacional de filosofía},
	pages = {10--34},
	number = {21},
	url = {https://dialnet.unirioja.es/servlet/articulo?codigo=6684294},
	note = {Publisher: Universidad de Barcelona
Section: Astrolabio: revista internacional de filosofía},
	langid = {spa}
}

@inproceedings{mosca1992,
	title = {Diez textos básicos de ciencia política},
	author = {Mosca, Gaetano},
	year = {1992},
	date = {1992},
	publisher = {Ariel España},
	pages = {23--36},
	url = {https://dialnet.unirioja.es/servlet/articulo?codigo=2335581},
	note = {Section: Diez textos básicos de ciencia política},
	langid = {spa}
}

@book{rubio1992,
	title = {Diez textos básicos de ciencia política},
	author = {Rubio, Albert Batlle i},
	year = {1992},
	date = {1992},
	publisher = {Ariel España},
	url = {https://dialnet.unirioja.es/servlet/libro?codigo=271283},
	langid = {spa}
}

@article{guerrero1975,
	title = {Gaetano Mosca: la política profesional de la clase gobernante},
	author = {Guerrero, Omar},
	year = {1975},
	date = {1975},
	journal = {Revista Mexicana de Ciencias Políticas y Sociales},
	volume = {21},
	number = {80},
	doi = {10.22201/fcpys.2448492xe.1975.80.80468},
	url = {https://www.revistas.unam.mx/index.php/rmcpys/article/view/80468},
	langid = {es}
}

@misc{pareto,
	title = {Forma y equilibrios sociales : Selección},
	author = {Pareto, Vilfredo},
	url = {https://www.bibliotecadigitaldebogota.gov.co/resources/2054991/},
	langid = {es}
}

@article{lefebvre2011,
	title = {La noción de totalidad en las ciencias sociales},
	author = {Lefebvre, Henri and Vargas, Roy Alfaro},
	year = {2011},
	date = {2011},
	journal = {Telos: Revista de Estudios Interdisciplinarios en Ciencias Sociales},
	pages = {105--124},
	volume = {13},
	number = {1},
	url = {https://dialnet.unirioja.es/servlet/articulo?codigo=3709463},
	note = {Publisher: Universidad Rafael Belloso Chacín
Section: Telos: Revista de Estudios Interdisciplinarios en Ciencias Sociales},
	langid = {spa}
}

@book{karelkosík1967,
	title = {Kosík, Karel. Dialéctica De Lo Concreto [ocr] [1967]},
	author = {{Karel Kosík}, },
	year = {1967},
	date = {1967},
	url = {http://archive.org/details/kosik-karel.-dialectica-de-lo-concreto-ocr-1967},
	langid = {spa}
}

@article{mosca1980,
	title = {La clase política},
	author = {Mosca, Gaetano},
	year = {1980},
	date = {1980},
	journal = {Revista de Administración Pública},
	pages = {972},
	number = {42},
	url = {https://dialnet.unirioja.es/servlet/articulo?codigo=9924066},
	note = {Publisher: Instituto de Investigaciones Jurídicas
Section: Revista de Administración Pública},
	langid = {spa}
}

@book{michels2010,
	title = {Los partidos políticos},
	author = {Michels, Robert},
	year = {2010},
	month = {04},
	date = {2010-04-20},
	publisher = {Amorrortu, Casa del Libro México},
	edition = {2010, 1a Ed. 1911},
	url = {https://latam.casadellibro.com/libro-los-partidos-politicos-vol-1/9789505181971/1698845},
	note = {ISBN: 9789505181971},
	address = {Madrid},
	langid = {es-mx}
}

@book{pareto1916,
	title = {Trattato di sociologia generale},
	author = {Pareto, Vilfredo},
	year = {1916},
	date = {1916},
	publisher = {Firenze: G. Barbera},
	volume = {II},
	url = {https://bibliotecadigital.uchile.cl/discovery/fulldisplay/alma991001743479703936/56UDC_INST:56UDC_INST},
	langid = {ita}
}

@book{mills1956,
	title = {The power elite: C. Wright Mills},
	author = {Mills, C. Wright},
	year = {1956},
	date = {1956},
	publisher = {Oxford University Press},
	url = {http://www.edarcipelago.com/boxpdf/C.%20Wright%20Mills-The%20Power%20Elite.pdf},
	langid = {en}
}

@article{huang2019,
	title = {Understanding Bourdieu - Cultural Capital and Habitus},
	author = {Huang, Xiaowei},
	year = {2019},
	month = {08},
	date = {2019-08-07},
	journal = {Review of European Studies},
	pages = {p45},
	volume = {11},
	number = {3},
	doi = {10.5539/res.v11n3p45},
	url = {https://ccsenet.org/journal/index.php/res/article/view/0/40384},
	langid = {en}
}

@article{krouse1982,
	title = {Polyarchy & Participation: The Changing Democratic Theory of Robert Dahl},
	author = {Krouse, Richard W.},
	year = {1982},
	month = {03},
	date = {1982-03},
	journal = {Polity},
	pages = {441--463},
	volume = {14},
	number = {3},
	doi = {10.2307/3234535},
	url = {https://www.journals.uchicago.edu/doi/10.2307/3234535},
	langid = {en}
}

@article{dahl1958,
	title = {A Critique of the Ruling Elite Model},
	author = {Dahl, Robert A.},
	year = {1958},
	month = {06},
	date = {1958-06},
	journal = {American Political Science Review},
	pages = {463--469},
	volume = {52},
	number = {2},
	doi = {10.2307/1952327},
	url = {https://www.cambridge.org/core/product/identifier/S0003055400073044/type/journal_article},
	langid = {en}
}

@book{theeconomistintelligenceunit2025,
	title = {What{\textquoteright}s wrong with representative democracy?},
	author = {The Economist Intelligence Unit, },
	year = {2025},
	date = {2025},
	publisher = {The Economist},
	series = {Democracy Index 2024},
	url = {https://static.poder360.com.br/2025/03/the-economist-democracia-.pdf},
	address = {London},
	langid = {en}
}

@book{internationalinstitutefordemocracyandelectoralassistance2025,
	title = {The Global State of Democracy 2025: Democracy on the Move},
	author = {International Institute for Democracy and Electoral Assistance, },
	year = {2025},
	date = {2025},
	publisher = {International IDEA},
	url = {https://www.idea.int/publications/catalogue/global-state-of-democracy-2025-democracy-on-the-move?lang=en},
	address = {SWEDEN},
	langid = {en}
}

@book{batllerubio1992,
	title = {Diez textos básicos de ciencia política},
	author = {Batlle Rubio, Albert},
	year = {1992},
	date = {1992},
	publisher = {Ariel},
	url = {https://dialnet.unirioja.es/servlet/libro?codigo=271283},
	note = {OCLC: 35842229},
	address = {Barcelona, España},
	langid = {spa}
}

@article{behrend2021,
	title = {Political dynasties and democracy in contemporary Mexico},
	author = {Behrend, Jacqueline},
	year = {2021},
	month = {11},
	date = {2021-11},
	journal = {Latin American Policy},
	pages = {385--404},
	volume = {12},
	number = {2},
	doi = {10.1111/lamp.12237},
	url = {https://onlinelibrary.wiley.com/doi/10.1111/lamp.12237},
	langid = {en}
}

@article{schmidt2002,
	title = {Los grupos de poder en México: recomposiciones y alianzas},
	author = {Schmidt, Samuel and Mendieta, Jorge Gil},
	year = {2002},
	date = {2002},
	journal = {Redes. Revista Hispana para el Análisis de Redes Sociales},
	number = {1},
	url = {https://www.redalyc.org/articulo.oa?id=93100107},
	note = {Publisher: Universitat Autònoma de Barcelona},
	langid = {Español}
}
