
@book{garcia2011,
	title = {Pensamiento politico contemporaneo corrientes fundamentales},
	author = {Garcia, Dora Elvira and Kohn, Carlos and Astorga, O.},
	year = {2011},
	date = {2011},
	publisher = {Porrua},
	note = {OCLC: 814307913},
	address = {Mexico},
	langid = {es}
}

@article{antonio,
	title = {Antonio Gramsci en los estudios culturales de Raymond Williams},
	journal = {methaodos revista de ciencias sociales},
	volume = {2},
	number = {1},
	langid = {es}
}

@article{lears1985,
	title = {The Concept of Cultural Hegemony: Problems and Possibilities},
	author = {Lears, T. J. Jackson},
	year = {1985},
	month = {06},
	date = {1985-06},
	journal = {The American Historical Review},
	pages = {567},
	volume = {90},
	number = {3},
	doi = {10.2307/1860957},
	url = {http://dx.doi.org/10.2307/1860957}
}

@inproceedings{cortés-ramírez2015,
	title = {Cultural hegemony today. From cultural studies to critical pedagogy},
	author = {{Cortés-Ramírez}, E.},
	year = {2015},
	date = {2015},
	url = {https://www.semanticscholar.org/paper/Cultural-hegemony-today.-From-cultural-studies-to-Cort%C3%A9s-Ram%C3%ADrez/ac0ae646568e545ffc79d5220ed1382f92b1e283}
}

@book{baudrillard2007,
	title = {Forget Foucault},
	author = {Baudrillard, Jean and Lotringer, {Sylvère}},
	year = {2007},
	date = {2007},
	publisher = {Semiotext(e) ; Distributed by MIT Press},
	series = {Semiotext(e) foreign agents series},
	address = {Los Angeles, CA : Cambridge, Mass},
	langid = {eng}
}
